@article{Brown:1993,
 author = {Brown, Peter F. and Pietra, Vincent J. Della and Pietra, Stephen A. Della and Mercer, Robert L.},
 title = {The Mathematics of Statistical Machine Translation: Parameter Estimation},
 journal = {Comput. Linguist.},
 issue_date = {June 1993},
 volume = {19},
 number = {2},
 month = jun,
 year = {1993},
 issn = {0891-2017},
 pages = {263--311},
 numpages = {49},
 url = {http://dl.acm.org/citation.cfm?id=972470.972474},
 acmid = {972474},
 publisher = {MIT Press},
 address = {Cambridge, MA, USA},
} 


@InProceedings{Condor:05, 
	author = {Berghen, Frank Venden and Bersini, Hugues}, 
	year = {2005},
	title = {CONDOR, a parallel constrained extension of Powell's UOBYQA algorithm: Experimental Results and comparison with the DFO algorithm}, 
	publisher = {Journal of Computational and Applied Mathematics}
}


@InProceedings{Dempster:77, 
	author = {Dempster, A.P and Laird, N.M and Rubin, D.B},
	year = {1977},
	title = {{Maximum Likelihood from incomplete data via the EM algorithm}},
	volume = {39},
	publisher = {Journal Royal Statistics Society}
}
@InProceedings{Bertoldi:08, 
	author = {Bertoldi, Nicola and Barbaiani, Madalina and Federico, Marcello and Cattoni, Roldano},
	year = {2008},
	title = {{Phrase-Based Statistical Machine Translation with Pivot Languages}},
	publisher = {International Workshop on Spoken Language Translation}
}
@InProceedings{Hun:05,
	author = {Varga, D and N\'emeth, L and Hal\'acsy, P and Kornai, A and Tr\'on, V and Nagy, V},
	year = {2005}, 
	title = {{Parallel corpora for medium density languages}}, 
	publisher = {Recent Advances in Natural Language Processing}
	}

@InProceedings{Huck:12,
	author = {Huck, Matthias and Ney, Hermann}, 
	year = {2012},
	title = {{Pivot Lightly-Supervised Training for Statistical Machine Translation}},
	publisher = {Association for Machine Translation in the Americas}
}

@InProceedings{Lewis:11,
	author = {Lewis, William and Munro, Robert},
	year = {2011}, 
	title = {{Crisis MT: Developing a Cookbook for MT in Crisis Situations}},
	publisher = {Sixth Workshop on Statistical Machine Translation}
}

@InProceedings{Claire:98,
	author = {Claire Lefebvre},
	year = {1998},
	title = {{Creole Genesis and the Acquisition of Grammar: The case of Haitian-Creole}},
	publisher = {Cambridge University Press, Cambridge, England}
}


@InProceedings{Allen:98,
	author = {Jeffrey Allen},
	year = {1998},
	title = {{Lexical variation in Haitian Creole and orthographic issues for Machine Translation
(MT) and Optical Character Recognition (OCR) applications}},
	publisher = {Assocation for Machine Translation in the Americas}
}


@InProceedings{Cohn:07,
	author = {Cohn, Trevor and Lapata, Mirella},
	year = {2007},
	title = {{Machine Translation by Triangulation: Making Effective Use of Multi-Parallel Corpora}},
	publisher = {Association of Computational Linguistics}
}


@InProceedings{Utiyama:07,
	author = {Utiyama, Masao and Isahara, Hitoshi},
	year = {2007},
	title = {{A Comparison of Pivot Methods for Phrase-based Statistical Machine Translation}},
	publisher = {North American Association of Computation Linguistics}
}


@InProceedings{Ahmed:13,
	author = {Kholy, Ahmed El and Habash, Nizar},
	year = {2013},
	title = {{Language Independent Connectivity Strength Features for Pivot Translation }},
	publisher = {Association of Computational Linguistics}
}


@InProceedings{Sanjika:11,
	author = {Hewavitharana, Sanjika and Bach, Nguyen and Gao, Qin and Ambati, Vamshi and Vogel, Stephen}, 
	year = {2011},
	title = {{CMU Haitian Creole-English Translation System for WMT 2011}},
	publisher = {Sixth Workshop on Statistical Machine Translation}
}


@InProceedings{Gao:11,
	author = {Gao, Qin and Vogel, Stephen},
	year = 2011,
	title = {{Corpus expansion for statistical machine translation with semantic role label substitution rules}},
	publisher = {Association of Computational Linguistics}
}


@InProceedings{Vladimir:11,
	author = {Eidelman, Vladimir  and Hollingshead, Kristy  and Resnik, Philip},
	year = {2011},
	title = {{Noisy SMS Machine Translation in Low-Density Languages}},
	publisher = {Sixth Workshop on Statistical Machine Translation}
}


@InProceedings{Hardmeier:11,
	author = {Hardmeier, Christian and Jörg Tiedemann, Markus Saers, Marcello Federico and Mathur Prashant},
	year = {2011},
	title = {{The Uppsala-FBK systems at WMT 2011}},
	publisher = {Sixth Workshop on Statistical Machine Translation}
}


@InProceedings{Saers:10,
	author = {Saers, Markus and Nivre, Joakim and Wu, Dekai},
	year = {2010},
	title = {{Word alignment with stochastic bracketing linear inversion transduction grammar}},
	publisher = {North American Chapter of the Association of Computational Linguistics}
}


@InProceedings{Marta:11,
	author = {R.Costa-jussa, Marta and Banchs, Rafeael}, 
	year = {2011},
	title = {{The BM-I2R Haitian-Creole-to-English translation system description for the WMT 2011 evaluation campaign}},
	publisher = {Sixth Workshop on Statistical Machine Translation}
}

@InProceedings{Banchs:11,
	author = {Banchs, Rafeael and Costa-jussa`, M.R},
	year = {2011},
	title = {{A semantic feature for statistical machine translation}},
	publisher = {Fifth Workshop on Syntax, Semantics and Structure in Statistical Translation}
}

@InProceedings{Sara:11,
	author = {Sara Stymne},
	year = {2011},
	title = {{Spell Checking Techniques for Replacement of Unknown Words and Data Cleaning for Haitian Creole SMS Translation}},
	publisher = {Sixth Workshop on Statistical Machine Translation}

}
@INPROCEEDINGS{Gispert:06,
    author = {Adrià De Gispert and José B. Mariño},
    title = {{Statistical machine translation without parallel corpus: bridging through Spanish}},
    publisher={5th International Conference on Language Resources and Evaluation},
    year = {2006},
    pages = {65--68}
}

@InProceedings{Koehn:03,
 author = {Koehn, Philipp and Och, Franz Josef and Marcu, Daniel},
 title = {Statistical Phrase-based Translation},
 booktitle = {Proceedings of the 2003 Conference of the North American Chapter of the Association for Computational Linguistics on Human Language Technology - Volume 1},
 series = {NAACL '03},
 year = {2003},
 location = {Edmonton, Canada},
 pages = {48--54},
 numpages = {7},
 url = {http://dx.doi.org/10.3115/1073445.1073462},
 doi = {10.3115/1073445.1073462},
 acmid = {1073462},
 publisher = {Association for Computational Linguistics},
 address = {Stroudsburg, PA, USA},
} 


@InProceedings{Koehn:07,
	author={Koehn, Philipp and Hoang, Hieu and Birch, Alexandra and Callison-Burch, Chris and Federico, Marcello and Bertold, Nicola and Cowan, Brooke and Shen, Wade and Moran, Christine and Zens, Richard and Dyer, Chris and Bojar, Ondrej and Constantin, Alexandra and Herbst, Evan},
	year = {2007},
	title = {{Moses: Open source toolkit for statistical machine translation}},
	publisher = {Association of Computational Linguistics}
}



@InProceedings{Stolcke:02,
	author= {Stolcke, Andreas},
	year = {2002},
	title = {{SRILM - An extensible language modeling toolkit}},
	publisher = {International Conference on Spoken Language Processing}
}


@InProceedings{OchNey:03,
	author={Franz Josef Och and Hermann Ney},
	year = {2003},
	title = {{A systematic comparison of various statistical alignment models}},
	publisher = {Association of Computational Linguistics}
}


@InProceedings{Och:03,
	author={Franz Josef Och},
	year = {2003},
	title = {{Minimum Error Rate Training in Statistical Machine Translation}},
	publisher = {Association of Computational Linguistics} 
}


@InProceedings{Papineni:02,
	author={Papineni, Kishore and Roukos, Salim and Ward, Todd and Zhu, Wei-Jing},
	year = {2002},
	title = {{BLEU: a Method for Automatic Evaluation of Machine Translation}},
	publisher = {Association for Computational Linguistics}
}

@InProceedings{Nakov:12,
	author={Nakov, Preslav and Ng, Hwee Tou},
	year = {2012}, 
	title = {{Improving Statistical Machine Translation for a Resource-Poor Language Using Related Resource-Rich Languages}},
	publisher = {Journal of Artificial Intelligence Research}
}

@InProceedings{Nakovemnlp:12,
	author = {Wang, Pudong and Nakov, Preslav and Ng, Hwee Tou},
	year = {2012},
	title = {{Source Language Adaptation for Resource-Poor Machine Translation}},
	publisher = {Association for Computational Linguistics}
}

@InProceedings{WMT:11,
	author = {Callison-Burch, Chris and Koehn, Philipp and Monz, Christof and Zaidan, Omar F.}, 
	year = {2011}, 
	title = {{Findings of the 2011 Workshop on Statistical Machine Translation}}, 
	publisher = {Sixth Workshop on Statistical Machine Translation}
}

@InProceedings{Wu:09,
	author = {Wu, Hau and Wang, Haifeng}, 
	year = {2009},
	title = {{Revisiting Pivot Language Approach for Machine Translation}},
	publisher = {Association of Computational Linguistics}
}

@InProceedings{Clark:11, 
	author = {Clark, Jonathan and Dyer, Chris and Lavie, Alon and Smith, Noah}, 
	year = {2011}, 
	title = {{Better Hypothesis Testing for Statistical Machine Translation: Controlling for Optimizer Instability}},
	publisher = {Association of Computational Linguistics}
}

@InProceedings{Ken:11,
	author = {Heafield, Kenneth}, 
	year = {2011}, 
	title = {{KenLM: Faster and smaller language model queries}},
	publisher = {Sixth Workshop on Statistical Machine Translation}
}