@article{Brown:1993,
 author = {Brown, Peter F. and Pietra, Vincent J. Della and Pietra, Stephen A. Della and Mercer, Robert L.},
 title = {The Mathematics of Statistical Machine Translation: Parameter Estimation},
 journal = {Comput. Linguist.},
 issue_date = {June 1993},
 volume = {19},
 number = {2},
 month = jun,
 year = {1993},
 issn = {0891-2017},
 pages = {263--311},
 numpages = {49},
 url = {http://dl.acm.org/citation.cfm?id=972470.972474},
 acmid = {972474},
 publisher = {MIT Press},
 address = {Cambridge, MA, USA},
} 

@inproceedings{NakovWang:12,
  author    = {Pidong Wang and
               Preslav Nakov and
               Hwee Tou Ng},
  title     = {Source Language Adaptation for Resource-Poor Machine Translation},
  booktitle = {EMNLP-CoNLL},
  year      = {2012},
  pages     = {286-296},
  ee        = {http://www.aclweb.org/anthology/D12-1027},
}

@inproceedings{Nicola:08,
  author    = {Bertoldi, Nicola and Barbaiani, Madalina and Federico, Marcello and Cattoni, Roldano},
  title     = {Phrase-based statistical machine translation with pivot
               languages},
  booktitle = {IWSLT},
  year      = {2008},
  pages     = {143-149},
}
@article{Condor:05,
 author = {Berghen, Frank Vanden and Bersini, Hugues},
 title = {CONDOR, a New Parallel, Constrained Extension of Powell's UOBYQA Algorithm: Experimental Results and Comparison with the DFO Algorithm},
 journal = {J. Comput. Appl. Math.},
 issue_date = {1 September 2005},
 volume = {181},
 number = {1},
 month = sep,
 year = {2005},
 issn = {0377-0427},
 pages = {157--175},
 numpages = {19},
 url = {http://dx.doi.org/10.1016/j.cam.2004.11.029},
 doi = {10.1016/j.cam.2004.11.029},
 acmid = {1085539},
 publisher = {Elsevier Science Publishers B. V.},
 address = {Amsterdam, The Netherlands, The Netherlands},
 keywords = {Lagrange interpolation, high-computing-load, noisy optimization, nonlinear, optimal shape design, parallel computing, trust region method},
} 
@ARTICLE{Dempster:77,
    author = {A. P. Dempster and N. M. Laird and D. B. Rubin},
    title = {Maximum likelihood from incomplete data via the EM algorithm},
    journal = {JOURNAL OF THE ROYAL STATISTICAL SOCIETY, SERIES B},
    year = {1977},
    volume = {39},
    number = {1},
    pages = {1--38}
}

@inproceedings{Hun:05,
    author = {Varga, D. and N\'{e}meth, L. and Hal\'{a}csy, P. and Kornai, A. and Tr\'{o}n, V. and Nagy, V.},
    booktitle = {Recent Advances in Natural Language Processing (RANLP 2005)},
    pages = {590--596},
    title = {{Parallel corpora for medium density languages}},
    year = {2005}
}


@InProceedings{Huck:12,
author= {Huck, Matthias and Ney, Hermann},	
title= {Pivot Lightly-Supervised Training for Statistical Machine Translation},	
booktitle= {Conference of the Association for Machine Translation in the Americas 2012},	
year= {2012},	
address= {San Diego, California, USA},	
month= {October},	
booktitlelink= {http://amta2012.amtaweb.org/},	
pdf = {http://www-i6.informatik.rwth-aachen.de/publications/downloader.php?id=813&row=pdf},	
url = {http://amta2012.amtaweb.org/AMTA2012Files/papers/110.pdf}
}

@inproceedings{Lewis:11,
 author = {Lewis, William D. and Munro, Robert and Vogel, Stephan},
 title = {Crisis MT: Developing a Cookbook for MT in Crisis Situations},
 booktitle = {Proceedings of the Sixth Workshop on Statistical Machine Translation},
 series = {WMT '11},
 year = {2011},
 isbn = {978-1-937284-12-1},
 location = {Edinburgh, Scotland},
 pages = {501--511},
 numpages = {11},
 url = {http://dl.acm.org/citation.cfm?id=2132960.2133030},
 acmid = {2133030},
 publisher = {Association for Computational Linguistics},
 address = {Stroudsburg, PA, USA},
}


@MISC{Claire:98,
	author = {Claire Lefebvre},
	year = {1998},
	title = {{Creole Genesis and the Acquisition of Grammar: The case of Haitian-Creole}},
	publisher = {Cambridge University Press, Cambridge, England}
}

@MISC{Allen:98,
	author = {Jeffrey Allen},
	year = {1998},
	title = {{Lexical variation in Haitian Creole and orthographic issues for Machine Translation
(MT) and Optical Character Recognition (OCR) applications}},
	publisher = {Association for Machine Translation in the Americas}
}

@InProceedings{Cohn:07,
  author    = {Cohn, Trevor  and  Lapata, Mirella},
  title     = {Machine Translation by Triangulation: Making Effective Use of Multi-Parallel Corpora},
  booktitle = {Proceedings of the 45th Annual Meeting of the Association of Computational Linguistics},
  month     = {June},
  year      = {2007},
  address   = {Prague, Czech Republic},
  publisher = {Association for Computational Linguistics},
  pages     = {728--735},
  url       = {http://www.aclweb.org/anthology/P07-1092}
}
@INPROCEEDINGS{Utiyama:07,
    author = {Utiyama, Masao and Isahara, Hitoshi},
    title = {A comparison of pivot methods for phrase-based statistical machine translation},
    booktitle = {in Proceedings of the conference on Human Language Technology Conference of the North American Chapter of the Association of Computational Linguistics (NAACL-HLT},
    publisher = {Association of Computational Linguistics},
    year = {2007},
    pages = {484--491}
}

@InProceedings{Ahmed:13,
  author    = {El Kholy, Ahmed  and  Habash, Nizar  and  Leusch, Gregor  and  Matusov, Evgeny  and  Sawaf, Hassan},
  title     = {Language Independent Connectivity Strength Features for Phrase Pivot Statistical Machine Translation},
  booktitle = {Proceedings of the 51st Annual Meeting of the Association for Computational Linguistics (Volume 2: Short Papers)},
  month     = {August},
  year      = {2013},
  address   = {Sofia, Bulgaria},
  publisher = {Association for Computational Linguistics},
  pages     = {412--418},
  url       = {http://www.aclweb.org/anthology/P13-2073}
}

@inproceedings{Sanjika:11,
 author = {Hewavitharana, Sanjika and Bach, Nguyen and Gao, Qin and Ambati, Vamshi and Vogel, Stephan},
 title = {CMU Haitian Creole-English Translation System for WMT 2011},
 booktitle = {Proceedings of the Sixth Workshop on Statistical Machine Translation},
 series = {WMT '11},
 year = {2011},
 isbn = {978-1-937284-12-1},
 location = {Edinburgh, Scotland},
 pages = {386--392},
 numpages = {7},
 url = {http://dl.acm.org/citation.cfm?id=2132960.2133012},
 acmid = {2133012},
 publisher = {Association for Computational Linguistics},
 address = {Stroudsburg, PA, USA},
}


@InProceedings{Gao:11,
	author = {Gao, Qin and Vogel, Stephan},
	title = {Corpus Expansion for Statistical Machine Translation with Semantic Role Label Substitution Rules},
	booktitle = {Proceedings of the 49th Annual Meeting of the Association for Computational Linguistics: Human Language Technologies: Short Papers - Volume 2},
	series = {HLT '11},
	year = {2011},
	isbn = {978-1-932432-88-6},
	location = {Portland, Oregon},
	pages = {294--298},
	numpages = {5},
	url = {http://dl.acm.org/citation.cfm?id=2002736.2002798},
	acmid = {2002798},
	publisher = {Association for Computational Linguistics},
	address = {Stroudsburg, PA, USA},
}


@InProceedings{Vladimir:11,
	author = {Eidelman, Vladimir and Hollingshead, Kristy and Resnik, Philip},
 title = {Noisy SMS Machine Translation in Low-density Languages},
 booktitle = {Proceedings of the Sixth Workshop on Statistical Machine Translation},
 series = {WMT '11},
 year = {2011},
 isbn = {978-1-937284-12-1},
 location = {Edinburgh, Scotland},
 pages = {344--350},
 numpages = {7},
 url = {http://dl.acm.org/citation.cfm?id=2132960.2133006},
 acmid = {2133006},
 publisher = {Association for Computational Linguistics},
 address = {Stroudsburg, PA, USA},
}


@InProceedings{Hardmeier:11,
	author = {Hardmeier, Christian and Tiedemann, J\"{o}rg and Saers, Markus and Federico, Marcello and Prashant, Mathur},
 title = {The Uppsala-FBK Systems at WMT 2011},
 booktitle = {Proceedings of the Sixth Workshop on Statistical Machine Translation},
 series = {WMT '11},
 year = {2011},
 isbn = {978-1-937284-12-1},
 location = {Edinburgh, Scotland},
 pages = {372--378},
 numpages = {7},
 url = {http://dl.acm.org/citation.cfm?id=2132960.2133010},
 acmid = {2133010},
 publisher = {Association for Computational Linguistics},
 address = {Stroudsburg, PA, USA},
}


@InProceedings{Saers:10,
	author = {Saers, Markus and Nivre, Joakim and Wu, Dekai},
 title = {Word Alignment with Stochastic Bracketing Linear Inversion Transduction Grammar},
 booktitle = {Human Language Technologies: The 2010 Annual Conference of the North American Chapter of the Association for Computational Linguistics},
 series = {HLT '10},
 year = {2010},
 isbn = {1-932432-65-5},
 location = {Los Angeles, California},
 pages = {341--344},
 numpages = {4},
 url = {http://dl.acm.org/citation.cfm?id=1857999.1858049},
 acmid = {1858049},
 publisher = {Association for Computational Linguistics},
 address = {Stroudsburg, PA, USA},
}


@InProceedings{Marta:11,
	 author = {Costa-juss\`{a}, Marta R. and Banchs, Rafael E.},
 title = {The BM-I2R Haitian-Cr\Ã‰ole-to-English Translation System Description for the WMT 2011 Evaluation Campaign},
 booktitle = {Proceedings of the Sixth Workshop on Statistical Machine Translation},
 series = {WMT '11},
 year = {2011},
 isbn = {978-1-937284-12-1},
 location = {Edinburgh, Scotland},
 pages = {452--456},
 numpages = {5},
 url = {http://dl.acm.org/citation.cfm?id=2132960.2133022},
 acmid = {2133022},
 publisher = {Association for Computational Linguistics},
 address = {Stroudsburg, PA, USA},
}

@InProceedings{Banchs:11,
	 author = {Banchs, Rafael E. and Costa-juss\`{a}, Marta R.},
 title = {A Semantic Feature for Statistical Machine Translation},
 booktitle = {Proceedings of the Fifth Workshop on Syntax, Semantics and Structure in Statistical Translation},
 series = {SSST-5},
 year = {2011},
 isbn = {978-1-932432-99-2},
 location = {Portland, Oregon},
 pages = {126--134},
 numpages = {9},
 url = {http://dl.acm.org/citation.cfm?id=2024261.2024275},
 acmid = {2024275},
 publisher = {Association for Computational Linguistics},
 address = {Stroudsburg, PA, USA},
}
@inproceedings{Sara:11,
 author = {Stymne, Sara},
 title = {Spell Checking Techniques for Replacement of Unknown Words and Data Cleaning for Haitian Creole SMS Translation},
 booktitle = {Proceedings of the Sixth Workshop on Statistical Machine Translation},
 series = {WMT '11},
 year = {2011},
 isbn = {978-1-937284-12-1},
 location = {Edinburgh, Scotland},
 pages = {470--477},
 numpages = {8},
 url = {http://dl.acm.org/citation.cfm?id=2132960.2133025},
 acmid = {2133025},
 publisher = {Association for Computational Linguistics},
 address = {Stroudsburg, PA, USA},
}


@INPROCEEDINGS{Gispert:06,
    author = {AdriÃ  De Gispert and JosÃ© B. MariÃ±o},
    title = {{Statistical machine translation without parallel corpus: bridging through Spanish}},
    booktitle={5th International Conference on Language Resources and Evaluation},
    year = {2006},
    pages = {65--68}
}

@InProceedings{Koehn:03,
 author = {Koehn, Philipp and Och, Franz Josef and Marcu, Daniel},
 title = {Statistical Phrase-based Translation},
 booktitle = {Proceedings of the 2003 Conference of the North American Chapter of the Association for Computational Linguistics on Human Language Technology - Volume 1},
 series = {NAACL '03},
 year = {2003},
 location = {Edmonton, Canada},
 pages = {48--54},
 numpages = {7},
 url = {http://dx.doi.org/10.3115/1073445.1073462},
 doi = {10.3115/1073445.1073462},
 acmid = {1073462},
 publisher = {Association for Computational Linguistics},
 address = {Stroudsburg, PA, USA},
} 


@InProceedings{Koehn:07,
	author = {Koehn, Philipp and Hoang, Hieu and Birch, Alexandra and Callison-Burch, Chris and Federico, Marcello and Bertoldi, Nicola and Cowan, Brooke and Shen, Wade and Moran, Christine and Zens, Richard and Dyer, Chris and Bojar, Ond\v{r}ej and Constantin, Alexandra and Herbst, Evan},
 title = {Moses: Open Source Toolkit for Statistical Machine Translation},
 booktitle = {Proceedings of the 45th Annual Meeting of the ACL on Interactive Poster and Demonstration Sessions},
 series = {ACL '07},
 year = {2007},
 location = {Prague, Czech Republic},
 pages = {177--180},
 numpages = {4},
 url = {http://dl.acm.org/citation.cfm?id=1557769.1557821},
 acmid = {1557821},
 publisher = {Association for Computational Linguistics},
 address = {Stroudsburg, PA, USA},
}



@InProceedings{Stolcke:02,
	author= {Stolcke, Andreas},
	year = {2002},
	title = {{SRILM - An extensible language modeling toolkit}},
	booktitle = {International Conference on Spoken Language Processing},
	pages = {901--904}
}


@article{OchNey:03,
	 author = {Och, Franz Josef and Ney, Hermann},
 title = {A Systematic Comparison of Various Statistical Alignment Models},
 journal = {Comput. Linguist.},
 issue_date = {March 2003},
 volume = {29},
 number = {1},
 month = mar,
 year = {2003},
 issn = {0891-2017},
 pages = {19--51},
 numpages = {33},
 url = {http://dx.doi.org/10.1162/089120103321337421},
 doi = {10.1162/089120103321337421},
 acmid = {778824},
 publisher = {MIT Press},
 address = {Cambridge, MA, USA},
}


@InProceedings{Och:03,
	author = {Och, Franz Josef},
 title = {Minimum Error Rate Training in Statistical Machine Translation},
 booktitle = {Proceedings of the 41st Annual Meeting on Association for Computational Linguistics - Volume 1},
 series = {ACL '03},
 year = {2003},
 location = {Sapporo, Japan},
 pages = {160--167},
 numpages = {8},
 url = {http://dx.doi.org/10.3115/1075096.1075117},
 doi = {10.3115/1075096.1075117},
 acmid = {1075117},
 publisher = {Association for Computational Linguistics},
 address = {Stroudsburg, PA, USA},
}


@InProceedings{Papineni:02,
	 author = {Papineni, Kishore and Roukos, Salim and Ward, Todd and Zhu, Wei-Jing},
 title = {BLEU: A Method for Automatic Evaluation of Machine Translation},
 booktitle = {Proceedings of the 40th Annual Meeting on Association for Computational Linguistics},
 series = {ACL '02},
 year = {2002},
 location = {Philadelphia, Pennsylvania},
 pages = {311--318},
 numpages = {8},
 url = {http://dx.doi.org/10.3115/1073083.1073135},
 doi = {10.3115/1073083.1073135},
 acmid = {1073135},
 publisher = {Association for Computational Linguistics},
 address = {Stroudsburg, PA, USA},
}

@article{Nakov:12,
  author    = {Preslav Nakov and
               Hwee Tou Ng},
  title     = {Improving Statistical Machine Translation for a Resource-Poor
               Language Using Related Resource-Rich Languages},
  journal   = {J. Artif. Intell. Res. (JAIR)},
  volume    = {44},
  year      = {2012},
  pages     = {179-222},
}


@InProceedings{Nakovemnlp:12,
	 author = {Nakov, Preslav and Ng, Hwee Tou},
 title = {Improved Statistical Machine Translation for Resource-poor Languages Using Related Resource-rich Languages},
 booktitle = {Proceedings of the 2009 Conference on Empirical Methods in Natural Language Processing: Volume 3 - Volume 3},
 series = {EMNLP '09},
 year = {2009},
 isbn = {978-1-932432-63-3},
 location = {Singapore},
 pages = {1358--1367},
 numpages = {10},
 url = {http://dl.acm.org/citation.cfm?id=1699648.1699682},
 acmid = {1699682},
 publisher = {Association for Computational Linguistics},
 address = {Stroudsburg, PA, USA},
}

@InProceedings{WMT:11,
	author = {Callison-Burch, Chris and Koehn, Philipp and Monz, Christof and Zaidan, Omar F.}, 
	year = {2011}, 
	title = {{Findings of the 2011 Workshop on Statistical Machine Translation}}, 
	booktitle = {Sixth Workshop on Statistical Machine Translation}
}

@InProceedings{Wu:09,
	author = {Wu, Hua and Wang, Haifeng},
 title = {Revisiting Pivot Language Approach for Machine Translation},
 booktitle = {Proceedings of the Joint Conference of the 47th Annual Meeting of the ACL and the 4th International Joint Conference on Natural Language Processing of the AFNLP: Volume 1 - Volume 1},
 series = {ACL '09},
 year = {2009},
 isbn = {978-1-932432-45-9},
 location = {Suntec, Singapore},
 pages = {154--162},
 numpages = {9},
 url = {http://dl.acm.org/citation.cfm?id=1687878.1687902},
 acmid = {1687902},
 publisher = {Association for Computational Linguistics},
 address = {Stroudsburg, PA, USA},
}

@InProceedings{Clark:11, 
	 author = {Clark, Jonathan H. and Dyer, Chris and Lavie, Alon and Smith, Noah A.},
 title = {Better Hypothesis Testing for Statistical Machine Translation: Controlling for Optimizer Instability},
 booktitle = {Proceedings of the 49th Annual Meeting of the Association for Computational Linguistics: Human Language Technologies: Short Papers - Volume 2},
 series = {HLT '11},
 year = {2011},
 isbn = {978-1-932432-88-6},
 location = {Portland, Oregon},
 pages = {176--181},
 numpages = {6},
 url = {http://dl.acm.org/citation.cfm?id=2002736.2002774},
 acmid = {2002774},
 publisher = {Association for Computational Linguistics},
 address = {Stroudsburg, PA, USA},
}

@inproceedings{Ken:11,
 author = {Heafield, Kenneth},
 title = {KenLM: Faster and Smaller Language Model Queries},
 booktitle = {Proceedings of the Sixth Workshop on Statistical Machine Translation},
 series = {WMT '11},
 year = {2011},
 isbn = {978-1-937284-12-1},
 location = {Edinburgh, Scotland},
 pages = {187--197},
 numpages = {11},
 url = {http://dl.acm.org/citation.cfm?id=2132960.2132986},
 acmid = {2132986},
 publisher = {Association for Computational Linguistics},
 address = {Stroudsburg, PA, USA},
} 

